<?xml version="1.0" encoding="UTF-8"?><collection xmlns="http://www.loc.gov/MARC21/slim"><record><leader>00425nam--2200169-i-4500</leader><controlfield tag="001">000039975</controlfield><controlfield tag="002">20161230</controlfield><controlfield tag="005">20161230201042</controlfield><controlfield tag="008">060222s1000------------r-----000-0-eng-d</controlfield><datafield ind1=" " ind2=" " tag="040"><subfield code="a">IFIN-HH</subfield></datafield><datafield ind1=" " ind2=" " tag="080"><subfield code="a">53(08)79</subfield></datafield><datafield ind1="1" ind2=" " tag="100"><subfield code="a">Sackheim, George I</subfield></datafield><datafield ind1="1" ind2="0" tag="245"><subfield code="a">Physichs calculations</subfield><subfield code="c">George i. sackjeim</subfield></datafield><datafield ind1=" " ind2=" " tag="260"><subfield code="a">New York</subfield><subfield code="b">Macmillan Co</subfield><subfield code="c">1960</subfield></datafield><datafield ind1=" " ind2=" " tag="300"><subfield code="a">267 P</subfield></datafield><datafield ind1=" " ind2=" " tag="852"><subfield code="a">17991</subfield><subfield code="c">53.08</subfield></datafield><datafield ind1=" " ind2=" " tag="CAT"><subfield code="a">Sys</subfield><subfield code="c">20151027</subfield><subfield code="h">132734</subfield></datafield></record></collection>